<record><leader>00000cas a22000007a 4500</leader><controlfield tag="001">9863324</controlfield><controlfield tag="008">830830d19191951ksuwr ne      0    0eng d</controlfield><datafield ind1=" " ind2=" " tag="010"><subfield code="a">sn 83040681 </subfield></datafield><datafield ind1=" " ind2=" " tag="040"><subfield code="a">KSH</subfield><subfield code="b">eng</subfield><subfield code="c">KSH</subfield><subfield code="d">NPT</subfield><subfield code="d">OCLCQ</subfield></datafield><datafield ind1=" " ind2=" " tag="042"><subfield code="a">msc</subfield></datafield><datafield ind1=" " ind2=" " tag="043"><subfield code="a">n-us-ks</subfield></datafield><datafield ind1="0" ind2="0" tag="245"><subfield code="a">Chase County news.</subfield></datafield><datafield ind1=" " ind2=" " tag="260"><subfield code="a">Strong City, Kan. :</subfield><subfield code="b">Walt Neibarger,</subfield><subfield code="c">-1951.</subfield></datafield><datafield ind1=" " ind2=" " tag="300"><subfield code="a">29 v. :</subfield><subfield code="b">ill. ;</subfield><subfield code="c">43-54 cm.</subfield></datafield><datafield ind1=" " ind2=" " tag="310"><subfield code="a">Weekly</subfield></datafield><datafield ind1="0" ind2=" " tag="362"><subfield code="a">-v. 31, no. 2 (Dec. 26, 1951).</subfield></datafield><datafield ind1="1" ind2=" " tag="362"><subfield code="a">Began in 1919.</subfield><subfield code="z">Cf. Ayer, 1924.</subfield></datafield><datafield ind1=" " ind2=" " tag="500"><subfield code="a">Published on Friday.</subfield></datafield><datafield ind1=" " ind2=" " tag="515"><subfield code="a">Suspended Oct. 6, 1943-July 3, 1946.</subfield></datafield><datafield ind1=" " ind2=" " tag="530"><subfield code="a">Available on microfilm from Micro Photo.</subfield></datafield><datafield ind1=" " ind2=" " tag="588"><subfield code="a">Description based on: Vol. 2, no. 37 (Jan. 7, 1921).</subfield></datafield><datafield ind1="1" ind2=" " tag="700"><subfield code="a">Neibarger, Walt.</subfield></datafield><datafield ind1=" " ind2=" " tag="752"><subfield code="a">United States</subfield><subfield code="b">Kansas</subfield><subfield code="c">Chase</subfield><subfield code="d">Strong City.</subfield></datafield><datafield ind1="0" ind2="7" tag="785"><subfield code="t">Chase County leader (Cottonwood Falls, Kan. : 1871)</subfield><subfield code="w">(DLC)sn 83040680</subfield></datafield><datafield ind1="0" ind2="7" tag="785"><subfield code="t">Chase County leader-news</subfield><subfield code="w">(DLC)sn 83040677</subfield></datafield></record>